@article{DBLP:journals/jacm/AlberFN04,
  author  = {Jochen Alber and
             Michael R. Fellows and
             Rolf Niedermeier},
  title   = {Polynomial-time data reduction for dominating set},
  journal = {J. {ACM}},
  volume  = {51},
  number  = {3},
  pages   = {363--384},
  year    = {2004}
}

@article{SBFS,
  author = {Lukas Geis and
            Alexander Leonhardt and
            Johannes Meintrup and
            Ulrich Meyer and
            Manuel Penschuck},
  title  = {Simpler, Better, Faster, Stronger: Revisiting a Successfull Reduction Rule for Dominating Set},
  year   = {2025}
}

@article{highs,
  title     = {Parallelizing the dual revised simplex method},
  author    = {Huangfu, Qi and Hall, JA Julian},
  journal   = {Mathematical Programming Computation},
  volume    = {10},
  number    = {1},
  pages     = {119--142},
  year      = {2018},
  publisher = {Springer}
}



@article{DBLP:journals/jair/CaiSLS13,
  author       = {Shaowei Cai and
                  Kaile Su and
                  Chuan Luo and
                  Abdul Sattar},
  title        = {NuMVC: An Efficient Local Search Algorithm for Minimum Vertex Cover},
  journal      = {J. Artif. Intell. Res.},
  volume       = {46},
  pages        = {687--716},
  year         = {2013}
}



@article{DBLP:journals/kbs/ZhuZWSL24,
  author       = {Enqiang Zhu and
                  Yu Zhang and
                  Shengzhi Wang and
                  Darren Strash and
                  Chanjuan Liu},
  title        = {A dual-mode local search algorithm for solving the minimum dominating
                  set problem},
  journal      = {Knowl. Based Syst.},
  volume       = {298},
  pages        = {111950},
  year         = {2024}
}



@inproceedings{DBLP:conf/compgeom/MustafaR09,
  author       = {Nabil H. Mustafa and
                  Saurabh Ray},
  title        = {{PTAS} for geometric hitting set problems via local search},
  booktitle    = {{SCG}},
  pages        = {17--22},
  publisher    = {{ACM}},
  year         = {2009}
}


@inproceedings{DBLP:conf/ictai/Piotrow20,
  author    = {Marek Piotr{\'{o}}w},
  title     = {UWrMaxSat: Efficient Solver for MaxSAT and Pseudo-Boolean Problems},
  booktitle = {{ICTAI}},
  pages     = {132--136},
  publisher = {{IEEE}},
  year      = {2020}
}

@article{DBLP:journals/cacm/HopcroftT73,
  author  = {John E. Hopcroft and
             Robert Endre Tarjan},
  title   = {Efficient Algorithms for Graph Manipulation {[H]} (Algorithm 447)},
  journal = {Commun. {ACM}},
  volume  = {16},
  number  = {6},
  pages   = {372--378},
  year    = {1973}
}
